<?xml version="1.0" encoding="UTF-8"?><record xmlns="http://www.loc.gov/MARC21/slim" xmlns:cinclude="http://apache.org/cocoon/include/1.0" xmlns:zs="http://www.loc.gov/zing/srw/">
  <leader>00439nz  a2200133n  4500</leader>
  <controlfield tag="001">no2010007543</controlfield>
  <controlfield tag="003">DLC</controlfield>
  <controlfield tag="005">20100116075824.0</controlfield>
  <controlfield tag="008">100114n| acannaabn          |n aaa     c</controlfield>
  <datafield tag="010" ind1=" " ind2=" ">
    <subfield code="a">no2010007543</subfield>
  </datafield>
  <datafield tag="035" ind1=" " ind2=" ">
    <subfield code="a">(OCoLC)oca08361753</subfield>
  </datafield>
  <datafield tag="040" ind1=" " ind2=" ">
    <subfield code="a">ICU</subfield>
    <subfield code="b">eng</subfield>
    <subfield code="c">ICU</subfield>
  </datafield>
  <datafield tag="100" ind1="1" ind2=" ">
    <subfield code="a">Zhestkova, Tatʹi︠a︡na</subfield>
  </datafield>
  <datafield tag="670" ind1=" " ind2=" ">
    <subfield code="a">Moskovskiĭ nekropolʹ, ili Gde pokhoroneny samye izvestnye li︠u︡di v istorii Moskvy, 2008:</subfield>
    <subfield code="b">t.p. verso (Zhestkova Tatʹi︠a︡na)</subfield>
  </datafield>
</record>